@misc{holmes,
	author			= "Dylan {Holmes}",
	title			= "Convex hulls solve SVMs",
	howpublished	= "\url{http://web.mit.edu/dxh/www/convex.pdf}", 
	note 			= "[Online; accessed 27-February-2019]"
}